@ARTICLE{FDS99,
   author = {{Finkbeiner}, D.~P. and {Davis}, M. and {Schlegel}, D.~J.},
    title = "{Extrapolation of Galactic Dust Emission at 100 Microns to Cosmic 
Microwave Background Radiation Frequencies Using FIRAS}",
  journal = {\apj},
   eprint = {astro-ph/9905128},
 keywords = {ISM: DUST, EXTINCTION, INFRARED: ISM: CONTINUUM, SUBMILLIMETER},
     year = 1999,
    month = oct,
   volume = 524,
    pages = {867-886},
      doi = {10.1086/307852},
   adsurl = {http://adsabs.harvard.edu/abs/1999ApJ...524..867F},
  adsnote = {Provided by the SAO/NASA Astrophysics Data System}
}

@ARTICLE{SFD,
   author = {{Schlegel}, D.~J. and {Finkbeiner}, D.~P. and {Davis}, M.},
    title = "{Maps of Dust Infrared Emission for Use in Estimation of Reddening and 
Cosmic Microwave Background Radiation Foregrounds}",
  journal = {\apj},
   eprint = {arXiv:astro-ph/9710327},
 keywords = {COSMOLOGY: DIFFUSE RADIATION, COSMOLOGY: COSMIC MICROWAVE BACKGROUND, 
ISM: DUST, EXTINCTION, INTERPLANETARY MEDIUM, INFRARED: ISM: CONTINUUM},
     year = 1998,
    month = jun,
   volume = 500,
    pages = {525-+},
      doi = {10.1086/305772},
   adsurl = {http://adsabs.harvard.edu/abs/1998ApJ...500..525S},
  adsnote = {Provided by the SAO/NASA Astrophysics Data System}
}

@ARTICLE{planckdust,
   author = {{Planck Collaboration} and {Abergel}, A. and {Ade}, P.~A.~R. and
        {Aghanim}, N. and {Alves}, M.~I.~R. and {Aniano}, G. and {Armitage-Caplan}, C. and
        {Arnaud}, M. and {Ashdown}, M. and {Atrio-Barandela}, F. and et al.},
    title = "{Planck 2013 results. XI. All-sky model of thermal dust emission}",
  journal = {\aap},
archivePrefix = "arXiv",
   eprint = {1312.1300},
 keywords = {methods: data analysis, ISM: general, dust, extinction, infrared: ISM, submillimeter: ISM, opacity},
     year = 2014,
    month = nov,
   volume = 571,
      eid = {A11},
    pages = {A11},
      doi = {10.1051/0004-6361/201323195},
   adsurl = {http://adsabs.harvard.edu/abs/2014A%26A...571A..11P},
  adsnote = {Provided by the SAO/NASA Astrophysics Data System}
}

@ARTICLE{low84,
   author = {{Low}, F.~J. and {Young}, E. and {Beintema}, D.~A. and {Gautier}, T.~N. and 
	{Beichman}, C.~A. and {Aumann}, H.~H. and {Gillett}, F.~C. and 
	{Neugebauer}, G. and {Boggess}, N. and {Emerson}, J.~P.},
    title = "{Infrared cirrus - New components of the extended infrared emission}",
  journal = {\apjl},
 keywords = {ASTRONOMICAL SPECTROSCOPY, COSMIC DUST, INFRARED ASTRONOMY, INTERPLANETARY DUST, INTERSTELLAR MATTER, ASTEROIDS, 
EMISSION SPECTRA, FAR INFRARED RADIATION, NEBULAE},
     year = 1984,
    month = mar,
   volume = 278,
    pages = {L19-L22},
      doi = {10.1086/184213},
   adsurl = {http://adsabs.harvard.edu/abs/1984ApJ...278L..19L},
  adsnote = {Provided by the SAO/NASA Astrophysics Data System}
}

@ARTICLE{wheelock94,
   author = {{Wheelock}, S.~L. and {Gautier}, T.~N. and {Chillemi}, J. and 
	{Kester}, D. and {McCallon}, H. and {Oken}, C. and {White}, J. and 
	{Gregorich}, D. and {Boulanger}, F. and {Good}, J.},
    title = "{IRAS sky survey atlas: Explanatory supplement}",
  journal = {NASA STI/Recon Technical Report N},
 keywords = {ASTROPHYSICS, CALIBRATING, ERROR ANALYSIS, HISTORIES, INFRARED ASTRONOMY, INFRARED ASTRONOMY SATELLITE, INFRARED IMAGERY, OPTIMIZATION, SKY SURVEYS (ASTRONOMY), ASTRONOMICAL MAPS, ASTRONOMICAL PHOTOMETRY, CONTAMINATION, INFRARED SPECTRA, POINT SOURCES, POLAR REGIONS, RADIOMETERS},
     year = 1994,
    month = may,
   volume = 95,
    pages = {22539},
   adsurl = {http://adsabs.harvard.edu/abs/1994STIN...9522539W},
  adsnote = {Provided by the SAO/NASA Astrophysics Data System}
}

@ARTICLE{boggess92,
   author = {{Boggess}, N.~W. and {Mather}, J.~C. and {Weiss}, R. and {Bennett}, C.~L. and 
	{Cheng}, E.~S. and {Dwek}, E. and {Gulkis}, S. and {Hauser}, M.~G. and 
	{Janssen}, M.~A. and {Kelsall}, T. and {Meyer}, S.~S. and {Moseley}, S.~H. and 
	{Murdock}, T.~L. and {Shafer}, R.~A. and {Silverberg}, R.~F. and 
	{Smoot}, G.~F. and {Wilkinson}, D.~T. and {Wright}, E.~L.},
    title = "{The COBE mission - Its design and performance two years after launch}",
  journal = {\apj},
 keywords = {COSMIC BACKGROUND EXPLORER SATELLITE, INFRARED RADIATION, MICROWAVES, RELIC RADIATION, SPACEBORNE ASTRONOMY, ASTRONOMICAL SATELLITES, RADIATION MEASUREMENT, SATELLITE INSTRUMENTS},
     year = 1992,
    month = oct,
   volume = 397,
    pages = {420-429},
      doi = {10.1086/171797},
   adsurl = {http://adsabs.harvard.edu/abs/1992ApJ...397..420B},
  adsnote = {Provided by the SAO/NASA Astrophysics Data System}
}

@ARTICLE{planck2013,
   author = {{Planck Collaboration} and {Ade}, P.~A.~R. and {Aghanim}, N. and
        {Alves}, M.~I.~R. and {Armitage-Caplan}, C. and {Arnaud}, M. and
        {Ashdown}, M. and {Atrio-Barandela}, F. and {Aumont}, J. and
        {Aussel}, H. and et al.},
    title = "{Planck 2013 results. I. Overview of products and scientific results}",
  journal = {\aap},
archivePrefix = "arXiv",
   eprint = {1303.5062},
 keywords = {cosmology: observations, cosmic background radiation, space vehicles: instruments, instrumentation: detectors},
     year = 2014,
    month = nov,
   volume = 571,
      eid = {A1},
    pages = {A1},
      doi = {10.1051/0004-6361/201321529},
   adsurl = {http://adsabs.harvard.edu/abs/2014A%26A...571A...1P},
  adsnote = {Provided by the SAO/NASA Astrophysics Data System}
}

@ARTICLE{planckzodi,
   author = {{Planck Collaboration} and {Ade}, P.~A.~R. and {Aghanim}, N. and
        {Armitage-Caplan}, C. and {Arnaud}, M. and {Ashdown}, M. and
        {Atrio-Barandela}, F. and {Aumont}, J. and {Baccigalupi}, C. and
        {Banday}, A.~J. and et al.},
    title = "{Planck 2013 results. XIV. Zodiacal emission}",
  journal = {\aap},
archivePrefix = "arXiv",
   eprint = {1303.5074},
 keywords = {zodiacal dust, interplanetary medium, cosmic background radiation},
     year = 2014,
    month = nov,
   volume = 571,
      eid = {A14},
    pages = {A14},
      doi = {10.1051/0004-6361/201321562},
   adsurl = {http://adsabs.harvard.edu/abs/2014A%26A...571A..14P},
  adsnote = {Provided by the SAO/NASA Astrophysics Data System}
}

@ARTICLE{smica,
   author = {{Planck Collaboration} and {Ade}, P.~A.~R. and {Aghanim}, N. and
        {Armitage-Caplan}, C. and {Arnaud}, M. and {Ashdown}, M. and
        {Atrio-Barandela}, F. and {Aumont}, J. and {Baccigalupi}, C. and
        {Banday}, A.~J. and et al.},
    title = "{Planck 2013 results. XII. Diffuse component separation}",
  journal = {\aap},
archivePrefix = "arXiv",
   eprint = {1303.5072},
 keywords = {cosmic background radiation},
     year = 2014,
    month = nov,
   volume = 571,
      eid = {A12},
    pages = {A12},
      doi = {10.1051/0004-6361/201321580},
   adsurl = {http://adsabs.harvard.edu/abs/2014A%26A...571A..12P},
  adsnote = {Provided by the SAO/NASA Astrophysics Data System}
}

@ARTICLE{healpix,
   author = {{G{\'o}rski}, K.~M. and {Hivon}, E. and {Banday}, A.~J. and 
	{Wandelt}, B.~D. and {Hansen}, F.~K. and {Reinecke}, M. and 
	{Bartelmann}, M.},
    title = "{HEALPix: A Framework for High-Resolution Discretization and Fast Analysis of Data Distributed on the Sphere}",
  journal = {\apj},
   eprint = {arXiv:astro-ph/0409513},
 keywords = {Cosmology: Cosmic Microwave Background, Cosmology: Observations, Methods: Statistical},
     year = 2005,
    month = apr,
   volume = 622,
    pages = {759-771},
      doi = {10.1086/427976},
   adsurl = {http://adsabs.harvard.edu/abs/2005ApJ...622..759G},
  adsnote = {Provided by the SAO/NASA Astrophysics Data System}
}

@ARTICLE{planckco,
   author = {{Planck Collaboration} and {Ade}, P.~A.~R. and {Aghanim}, N. and
        {Armitage-Caplan}, C. and {Arnaud}, M. and {Ashdown}, M. and
        {Atrio-Barandela}, F. and {Aumont}, J. and {Baccigalupi}, C. and
        {Banday}, A.~J. and et al.},
    title = "{Planck 2013 results. XII. Diffuse component separation}",
  journal = {\aap},
archivePrefix = "arXiv",
   eprint = {1303.5072},
 keywords = {cosmic background radiation},
     year = 2014,
    month = nov,
   volume = 571,
      eid = {A12},
    pages = {A12},
      doi = {10.1051/0004-6361/201321580},
   adsurl = {http://adsabs.harvard.edu/abs/2014A%26A...571A..12P},
  adsnote = {Provided by the SAO/NASA Astrophysics Data System}
}

@ARTICLE{planckbeam,
   author = {{Planck Collaboration} and {Ade}, P.~A.~R. and {Aghanim}, N. and
        {Armitage-Caplan}, C. and {Arnaud}, M. and {Ashdown}, M. and
        {Atrio-Barandela}, F. and {Aumont}, J. and {Baccigalupi}, C. and
        {Banday}, A.~J. and et al.},
    title = "{Planck 2013 results. VII. HFI time response and beams}",
  journal = {\aap},
archivePrefix = "arXiv",
   eprint = {1303.5068},
 primaryClass = "astro-ph.IM",
 keywords = {cosmic background radiation, cosmology: observations, instrumentation: detectors, surveys},
     year = 2014,
    month = nov,
   volume = 571,
      eid = {A7},
    pages = {A7},
      doi = {10.1051/0004-6361/201321535},
   adsurl = {http://adsabs.harvard.edu/abs/2014A%26A...571A...7P},
  adsnote = {Provided by the SAO/NASA Astrophysics Data System}
}

@ARTICLE{planckcalib,
   author = {{Planck Collaboration} and {Ade}, P.~A.~R. and {Aghanim}, N. and 
	{Armitage-Caplan}, C. and {Arnaud}, M. and {Ashdown}, M. and 
	{Atrio-Barandela}, F. and {Aumont}, J. and {Baccigalupi}, C. and 
	{Banday}, A.~J. and et al.},
    title = "{Planck 2013 results. VIII. HFI photometric calibration and mapmaking}",
  journal = {ArXiv e-prints},
archivePrefix = "arXiv",
   eprint = {1303.5069},
 primaryClass = "astro-ph.CO",
 keywords = {Astrophysics - Cosmology and Extragalactic Astrophysics, Astrophysics - Instrumentation and Methods for Astrophysics},
     year = 2013,
    month = mar,
   adsurl = {http://adsabs.harvard.edu/abs/2013arXiv1303.5069P},
  adsnote = {Provided by the SAO/NASA Astrophysics Data System}
}

@ARTICLE{planckresponse,
   author = {{Planck Collaboration} and {Ade}, P.~A.~R. and {Aghanim}, N. and 
	{Armitage-Caplan}, C. and {Arnaud}, M. and {Ashdown}, M. and 
	{Atrio-Barandela}, F. and {Aumont}, J. and {Baccigalupi}, C. and 
	{Banday}, A.~J. and et al.},
    title = "{Planck 2013 results. IX. HFI spectral response}",
  journal = {ArXiv e-prints},
archivePrefix = "arXiv",
   eprint = {1303.5070},
 primaryClass = "astro-ph.IM",
 keywords = {Astrophysics - Instrumentation and Methods for Astrophysics},
     year = 2013,
    month = mar,
   adsurl = {http://adsabs.harvard.edu/abs/2013arXiv1303.5070P},
  adsnote = {Provided by the SAO/NASA Astrophysics Data System}
}

@ARTICLE{IRIS,
   author = {{Miville-Desch{\^e}nes}, M.-A. and {Lagache}, G.},
    title = "{IRIS: A New Generation of IRAS Maps}",
  journal = {\apjs},
   eprint = {astro-ph/0412216},
 keywords = {Astronomical Data Bases: Miscellaneous, Infrared: General, Surveys},
     year = 2005,
    month = apr,
   volume = 157,
    pages = {302-323},
      doi = {10.1086/427938},
   adsurl = {http://adsabs.harvard.edu/abs/2005ApJS..157..302M},
  adsnote = {Provided by the SAO/NASA Astrophysics Data System}
}

@ARTICLE{FIRAS,
   author = {{Mather}, J.~C.},
    title = "{The Cosmic Background Explorer /COBE/}",
  journal = {Optical Engineering},
 keywords = {Background Radiation, Cosmic Background Explorer Satellite, Diffuse Radiation, Infrared Spectrophotometers, Microwave Radiometers, Spaceborne Astronomy, Aerospace Environments, Cosmology, Cryogenics, Far Infrared Radiation, Instrument Errors, Microwave Spectra, Satellite-Borne Instruments, Spectral Sensitivity},
     year = 1982,
    month = aug,
   volume = 21,
    pages = {769-774},
   adsurl = {http://adsabs.harvard.edu/abs/1982OptEn..21..769M},
  adsnote = {Provided by the SAO/NASA Astrophysics Data System}
}

@ARTICLE{shetty09,
   author = {{Shetty}, R. and {Kauffmann}, J. and {Schnee}, S. and {Goodman}, A.~A.
	},
    title = "{The Effect of Noise on the Dust Temperature-Spectral Index Correlation}",
  journal = {\apj},
archivePrefix = "arXiv",
   eprint = {0902.0636},
 primaryClass = "astro-ph.GA",
 keywords = {dust, extinction, infrared: ISM, methods: miscellaneous},
     year = 2009,
    month = may,
   volume = 696,
    pages = {676-680},
      doi = {10.1088/0004-637X/696/1/676},
   adsurl = {http://adsabs.harvard.edu/abs/2009ApJ...696..676S},
  adsnote = {Provided by the SAO/NASA Astrophysics Data System}
}

@ARTICLE{ciba,
   author = {{Planck Collaboration} and {Ade}, P.~A.~R. and {Aghanim}, N. and 
	{Arnaud}, M. and {Ashdown}, M. and {Aumont}, J. and {Baccigalupi}, C. and 
	{Balbi}, A. and {Banday}, A.~J. and {Barreiro}, R.~B. and et al.},
    title = "{Planck early results. XVIII. The power spectrum of cosmic infrared background anisotropies}",
  journal = {\aap},
archivePrefix = "arXiv",
   eprint = {1101.2028},
 primaryClass = "astro-ph.CO",
 keywords = {diffuse radiation, submillimeter: diffuse background, submillimeter: galaxies, cosmology: observations},
     year = 2011,
    month = dec,
   volume = 536,
      eid = {A18},
    pages = {A18},
      doi = {10.1051/0004-6361/201116461},
   adsurl = {http://adsabs.harvard.edu/abs/2011A%26A...536A..18P},
  adsnote = {Provided by the SAO/NASA Astrophysics Data System}
}

@ARTICLE{akari,
   author = {{Doi}, Y. and {Komugi}, S. and {Kawada}, M. and {Takita}, S. and 
	{Arimatsu}, K. and {Ikeda}, N. and {Kato}, D. and {Kitamura}, Y. and 
	{Nakagawa}, T. and {Ootsubo}, T. and {Morishima}, T. and {Hattori}, M. and 
	{Tanaka}, M. and {White}, G.~J. and {Etxaluze}, M. and {Shibai}, H.
	},
    title = "{Akari Far-Infrared All-Sky Survey Maps}",
  journal = {Publication of Korean Astronomical Society},
archivePrefix = "arXiv",
   eprint = {1209.4170},
 primaryClass = "astro-ph.GA",
     year = 2012,
    month = nov,
   volume = 27,
    pages = {111-116},
      doi = {10.5303/PKAS.2012.27.4.111},
   adsurl = {http://adsabs.harvard.edu/abs/2012PKAS...27..111D},
  adsnote = {Provided by the SAO/NASA Astrophysics Data System}
}

@ARTICLE{wright10,
   author = {{Wright}, E.~L. and {Eisenhardt}, P.~R.~M. and {Mainzer}, A.~K. and 
	{Ressler}, M.~E. and {Cutri}, R.~M. and {Jarrett}, T. and {Kirkpatrick}, J.~D. and 
	{Padgett}, D. and {McMillan}, R.~S. and {Skrutskie}, M. and 
	{Stanford}, S.~A. and {Cohen}, M. and {Walker}, R.~G. and {Mather}, J.~C. and 
	{Leisawitz}, D. and {Gautier}, III, T.~N. and {McLean}, I. and 
	{Benford}, D. and {Lonsdale}, C.~J. and {Blain}, A. and {Mendez}, B. and 
	{Irace}, W.~R. and {Duval}, V. and {Liu}, F. and {Royer}, D. and 
	{Heinrichsen}, I. and {Howard}, J. and {Shannon}, M. and {Kendall}, M. and 
	{Walsh}, A.~L. and {Larsen}, M. and {Cardon}, J.~G. and {Schick}, S. and 
	{Schwalm}, M. and {Abid}, M. and {Fabinsky}, B. and {Naes}, L. and 
	{Tsai}, C.-W.},
    title = "{The Wide-field Infrared Survey Explorer (WISE): Mission Description and Initial On-orbit Performance}",
  journal = {\aj},
archivePrefix = "arXiv",
   eprint = {1008.0031},
 primaryClass = "astro-ph.IM",
 keywords = {infrared: general, space vehicles, surveys},
     year = 2010,
    month = dec,
   volume = 140,
      eid = {1868},
    pages = {1868-1881},
      doi = {10.1088/0004-6256/140/6/1868},
   adsurl = {http://adsabs.harvard.edu/abs/2010AJ....140.1868W},
  adsnote = {Provided by the SAO/NASA Astrophysics Data System}
}

@ARTICLE{meisner14,
   author = {{Meisner}, A.~M. and {Finkbeiner}, D.~P.},
    title = "{A Full-sky, High-resolution Atlas of Galactic 12 {$\mu$}m Dust Emission with WISE}",
  journal = {\apj},
archivePrefix = "arXiv",
   eprint = {1312.0947},
 primaryClass = "astro-ph.IM",
 keywords = {dust, extinction, infrared: ISM, ISM: structure },
     year = 2014,
    month = jan,
   volume = 781,
      eid = {5},
    pages = {5},
      doi = {10.1088/0004-637X/781/1/5},
   adsurl = {http://adsabs.harvard.edu/abs/2014ApJ...781....5M},
  adsnote = {Provided by the SAO/NASA Astrophysics Data System}
}

@ARTICLE{hogg10,
   author = {{Hogg}, D.~W. and {Bovy}, J. and {Lang}, D.},
    title = "{Data analysis recipes: Fitting a model to data}",
  journal = {ArXiv e-prints},
archivePrefix = "arXiv",
   eprint = {1008.4686},
 primaryClass = "astro-ph.IM",
 keywords = {Astrophysics - Instrumentation and Methods for Astrophysics, Physics - Data Analysis, Statistics and Probability},
     year = 2010,
    month = aug,
   adsurl = {http://adsabs.harvard.edu/abs/2010arXiv1008.4686H},
  adsnote = {Provided by the SAO/NASA Astrophysics Data System}
}

@ARTICLE{lab,
   author = {{Kalberla}, P.~M.~W. and {Burton}, W.~B. and {Hartmann}, D. and 
	{Arnal}, E.~M. and {Bajaja}, E. and {Morras}, R. and {P{\"o}ppel}, W.~G.~L.
	},
    title = "{The Leiden/Argentine/Bonn (LAB) Survey of Galactic HI. Final data release of the combined LDS and IAR surveys with improved 
stray-radiation corrections}",
  journal = {\aap},
   eprint = {astro-ph/0504140},
 keywords = {surveys, radio lines: ISM, Galaxy: structure},
     year = 2005,
    month = sep,
   volume = 440,
    pages = {775-782},
      doi = {10.1051/0004-6361:20041864},
   adsurl = {http://adsabs.harvard.edu/abs/2005A%26A...440..775K},
  adsnote = {Provided by the SAO/NASA Astrophysics Data System}
}

@ARTICLE{schlafly11,
   author = {{Schlafly}, E.~F. and {Finkbeiner}, D.~P.},
    title = "{Measuring Reddening with Sloan Digital Sky Survey Stellar Spectra and Recalibrating SFD}",
  journal = {\apj},
archivePrefix = "arXiv",
   eprint = {1012.4804},
 primaryClass = "astro-ph.GA",
 keywords = {dust, extinction, Galaxy: stellar content, ISM: clouds},
     year = 2011,
    month = aug,
   volume = 737,
      eid = {103},
    pages = {103},
      doi = {10.1088/0004-637X/737/2/103},
   adsurl = {http://adsabs.harvard.edu/abs/2011ApJ...737..103S},
  adsnote = {Provided by the SAO/NASA Astrophysics Data System}
}

@ARTICLE{sdss,
   author = {{York}, D.~G. and {Adelman}, J. and {Anderson}, Jr., J.~E. and 
	{Anderson}, S.~F. and {Annis}, J. and {Bahcall}, N.~A. and {Bakken}, J.~A. and 
	{Barkhouser}, R. and {Bastian}, S. and {Berman}, E. and {Boroski}, W.~N. and 
	{Bracker}, S. and {Briegel}, C. and {Briggs}, J.~W. and {Brinkmann}, J. and 
	{Brunner}, R. and {Burles}, S. and {Carey}, L. and {Carr}, M.~A. and 
	{Castander}, F.~J. and {Chen}, B. and {Colestock}, P.~L. and 
	{Connolly}, A.~J. and {Crocker}, J.~H. and {Csabai}, I. and 
	{Czarapata}, P.~C. and {Davis}, J.~E. and {Doi}, M. and {Dombeck}, T. and 
	{Eisenstein}, D. and {Ellman}, N. and {Elms}, B.~R. and {Evans}, M.~L. and 
	{Fan}, X. and {Federwitz}, G.~R. and {Fiscelli}, L. and {Friedman}, S. and 
	{Frieman}, J.~A. and {Fukugita}, M. and {Gillespie}, B. and 
	{Gunn}, J.~E. and {Gurbani}, V.~K. and {de Haas}, E. and {Haldeman}, M. and 
	{Harris}, F.~H. and {Hayes}, J. and {Heckman}, T.~M. and {Hennessy}, G.~S. and 
	{Hindsley}, R.~B. and {Holm}, S. and {Holmgren}, D.~J. and {Huang}, C.-h. and 
	{Hull}, C. and {Husby}, D. and {Ichikawa}, S.-I. and {Ichikawa}, T. and 
	{Ivezi{\'c}}, {\v Z}. and {Kent}, S. and {Kim}, R.~S.~J. and 
	{Kinney}, E. and {Klaene}, M. and {Kleinman}, A.~N. and {Kleinman}, S. and 
	{Knapp}, G.~R. and {Korienek}, J. and {Kron}, R.~G. and {Kunszt}, P.~Z. and 
	{Lamb}, D.~Q. and {Lee}, B. and {Leger}, R.~F. and {Limmongkol}, S. and 
	{Lindenmeyer}, C. and {Long}, D.~C. and {Loomis}, C. and {Loveday}, J. and 
	{Lucinio}, R. and {Lupton}, R.~H. and {MacKinnon}, B. and {Mannery}, E.~J. and 
	{Mantsch}, P.~M. and {Margon}, B. and {McGehee}, P. and {McKay}, T.~A. and 
	{Meiksin}, A. and {Merelli}, A. and {Monet}, D.~G. and {Munn}, J.~A. and 
	{Narayanan}, V.~K. and {Nash}, T. and {Neilsen}, E. and {Neswold}, R. and 
	{Newberg}, H.~J. and {Nichol}, R.~C. and {Nicinski}, T. and 
	{Nonino}, M. and {Okada}, N. and {Okamura}, S. and {Ostriker}, J.~P. and 
	{Owen}, R. and {Pauls}, A.~G. and {Peoples}, J. and {Peterson}, R.~L. and 
	{Petravick}, D. and {Pier}, J.~R. and {Pope}, A. and {Pordes}, R. and 
	{Prosapio}, A. and {Rechenmacher}, R. and {Quinn}, T.~R. and 
	{Richards}, G.~T. and {Richmond}, M.~W. and {Rivetta}, C.~H. and 
	{Rockosi}, C.~M. and {Ruthmansdorfer}, K. and {Sandford}, D. and 
	{Schlegel}, D.~J. and {Schneider}, D.~P. and {Sekiguchi}, M. and 
	{Sergey}, G. and {Shimasaku}, K. and {Siegmund}, W.~A. and {Smee}, S. and 
	{Smith}, J.~A. and {Snedden}, S. and {Stone}, R. and {Stoughton}, C. and 
	{Strauss}, M.~A. and {Stubbs}, C. and {SubbaRao}, M. and {Szalay}, A.~S. and 
	{Szapudi}, I. and {Szokoly}, G.~P. and {Thakar}, A.~R. and {Tremonti}, C. and 
	{Tucker}, D.~L. and {Uomoto}, A. and {Vanden Berk}, D. and {Vogeley}, M.~S. and 
	{Waddell}, P. and {Wang}, S.-i. and {Watanabe}, M. and {Weinberg}, D.~H. and 
	{Yanny}, B. and {Yasuda}, N. and {SDSS Collaboration}},
    title = "{The Sloan Digital Sky Survey: Technical Summary}",
  journal = {\aj},
   eprint = {astro-ph/0006396},
 keywords = {Cosmology: Observations, Instrumentation: Miscellaneous},
     year = 2000,
    month = sep,
   volume = 120,
    pages = {1579-1587},
      doi = {10.1086/301513},
   adsurl = {http://adsabs.harvard.edu/abs/2000AJ....120.1579Y},
  adsnote = {Provided by the SAO/NASA Astrophysics Data System}
}

@ARTICLE{agladze,
   author = {{Agladze}, N.~I. and {Sievers}, A.~J. and {Jones}, S.~A. and 
	{Burlitch}, J.~M. and {Beckwith}, S.~V.~W.},
    title = "{Laboratory Results on Millimeter-Wave Absorption in Silicate Grain Materials at Cryogenic Temperatures}",
  journal = {\apj},
 keywords = {INFRARED: ISM: CONTINUUM, ISM: DUST, EXTINCTION, METHODS: LABORATORY},
     year = 1996,
    month = may,
   volume = 462,
    pages = {1026},
      doi = {10.1086/177217},
   adsurl = {http://adsabs.harvard.edu/abs/1996ApJ...462.1026A},
  adsnote = {Provided by the SAO/NASA Astrophysics Data System}
}

@ARTICLE{covarciba,
   author = {{Planck Collaboration} and {Ade}, P.~A.~R. and {Aghanim}, N. and 
	{Armitage-Caplan}, C. and {Arnaud}, M. and {Ashdown}, M. and 
	{Atrio-Barandela}, F. and {Aumont}, J. and {Baccigalupi}, C. and 
	{Banday}, A.~J. and et al.},
    title = "{Planck 2013 results. XXX. Cosmic infrared background measurements and implications for star formation}",
  journal = {ArXiv e-prints},
archivePrefix = "arXiv",
   eprint = {1309.0382},
 primaryClass = "astro-ph.CO",
 keywords = {Astrophysics - Cosmology and Extragalactic Astrophysics},
     year = 2013,
    month = sep,
   adsurl = {http://adsabs.harvard.edu/abs/2013arXiv1309.0382P},
  adsnote = {Provided by the SAO/NASA Astrophysics Data System}
}

@ARTICLE{reach95,
   author = {{Reach}, W.~T. and {Dwek}, E. and {Fixsen}, D.~J. and {Hewagama}, T. and 
	{Mather}, J.~C. and {Shafer}, R.~A. and {Banday}, A.~J. and 
	{Bennett}, C.~L. and {Cheng}, E.~S. and {Eplee}, Jr., R.~E. and 
	{Leisawitz}, D. and {Lubin}, P.~M. and {Read}, S.~M. and {Rosen}, L.~P. and 
	{Shuman}, F.~G.~D. and {Smoot}, G.~F. and {Sodroski}, T.~J. and 
	{Wright}, E.~L.},
    title = "{Far-Infrared Spectral Observations of the Galaxy by COBE}",
  journal = {\apj},
   eprint = {astro-ph/9504056},
 keywords = {COSMOLOGY: DIFFUSE RADIATION, INFRARED: ISM: CONTINUUM, ISM: DUST, EXTINCTION, RADIO CONTINUUM: ISM},
     year = 1995,
    month = sep,
   volume = 451,
    pages = {188},
      doi = {10.1086/176210},
   adsurl = {http://adsabs.harvard.edu/abs/1995ApJ...451..188R},
  adsnote = {Provided by the SAO/NASA Astrophysics Data System}
}

@article{schlafly14,
      author         = "Schlafly, E.F. and Green, G. and Finkbeiner, D.P. and
                        Juric, M. and Rix, H. -W. and others",
      title          = "{A Map of Dust Reddening to 4.5 kpc from Pan-STARRS1}",
      journal        = {\apj},
      volume         = "789",
      pages          = "15",
      doi            = "10.1088/0004-637X/789/1/15",
      year           = "2014",
      eprint         = "1405.2922",
      archivePrefix  = "arXiv",
      primaryClass   = "astro-ph.GA",
      SLACcitation   = "%%CITATION = ARXIV:1405.2922;%%",
}

@article{bicep2,
      author         = "Ade, P.A.R. and others",
      title          = "{Detection of B-Mode Polarization at Degree Angular
                        Scales by BICEP2}",
      collaboration  = "BICEP2 Collaboration",
      journal        = "Phys.Rev.Lett.",
      volume         = "112",
      pages          = "241101",
      doi            = "10.1103/PhysRevLett.112.241101",
      year           = "2014",
      eprint         = "1403.3985",
      archivePrefix  = "arXiv",
      primaryClass   = "astro-ph.CO",
      SLACcitation   = "%%CITATION = ARXIV:1403.3985;%%",
}

@ARTICLE{sspp,
   author = {{Lee}, Y.~S. and {Beers}, T.~C. and {Sivarani}, T. and {Allende Prieto}, C. and 
	{Koesterke}, L. and {Wilhelm}, R. and {Re Fiorentin}, P. and 
	{Bailer-Jones}, C.~A.~L. and {Norris}, J.~E. and {Rockosi}, C.~M. and 
	{Yanny}, B. and {Newberg}, H.~J. and {Covey}, K.~R. and {Zhang}, H.-T. and 
	{Luo}, A.-L.},
    title = "{The SEGUE Stellar Parameter Pipeline. I. Description and Comparison of Individual Methods}",
  journal = {\aj},
archivePrefix = "arXiv",
   eprint = {0710.5645},
 keywords = {methods: data analysis, stars: abundances, stars: fundamental parameters, surveys, techniques: 
spectroscopic},
     year = 2008,
    month = nov,
   volume = 136,
    pages = {2022-2049},
      doi = {10.1088/0004-6256/136/5/2022},
   adsurl = {http://adsabs.harvard.edu/abs/2008AJ....136.2022L},
  adsnote = {Provided by the SAO/NASA Astrophysics Data System}
}

@ARTICLE{planckdust2011,
   author = {{Planck Collaboration} and {Ade}, P.~A.~R. and {Aghanim}, N. and 
	{Arnaud}, M. and {Ashdown}, M. and {Aumont}, J. and {Baccigalupi}, C. and 
	{Balbi}, A. and {Banday}, A.~J. and {Barreiro}, R.~B. and et al.},
    title = "{Planck early results. XIX. All-sky temperature and dust optical depth from Planck and IRAS. Constraints on the ''dark gas'' in our 
Galaxy}",
  journal = {\aap},
archivePrefix = "arXiv",
   eprint = {1101.2029},
 primaryClass = "astro-ph.GA",
 keywords = {dust, extinction, ISM: clouds, evolution, solar neighborhood, Galaxy: general, submillimeter: ISM},
     year = 2011,
    month = dec,
   volume = 536,
      eid = {A19},
    pages = {A19},
      doi = {10.1051/0004-6361/201116479},
   adsurl = {http://adsabs.harvard.edu/abs/2011A%26A...536A..19P},
  adsnote = {Provided by the SAO/NASA Astrophysics Data System}
}

@ARTICLE{cibreview,
   author = {{Hauser}, M.~G. and {Dwek}, E.},
    title = "{The Cosmic Infrared Background: Measurements and Implications}",
  journal = {\araa},
   eprint = {astro-ph/0105539},
 keywords = {EXTRAGALACTIC BACKGROUND LIGHT, COSMOLOGY, COBE, GALAXY EVOLUTION, COSMIC CHEMICAL EVOLUTION, BACKGROUND FLUCTUATIONS, TEV {$\gamma$}-RAYS, 
INTEGRATED GALAXY LIGHT},
     year = 2001,
   volume = 39,
    pages = {249-307},
      doi = {10.1146/annurev.astro.39.1.249},
   adsurl = {http://adsabs.harvard.edu/abs/2001ARA%26A..39..249H},
  adsnote = {Provided by the SAO/NASA Astrophysics Data System}
}

@ARTICLE{aniano,
   author = {{Planck Collaboration} and {Ade}, P.~A.~R. and {Aghanim}, N. and 
	{Alves}, M.~I.~R. and {Aniano}, G. and {Arnaud}, M. and {Ashdown}, M. and 
	{Aumont}, J. and {Baccigalupi}, C. and {Banday}, A.~J. and {Barreiro}, R.~B. and 
	{Bartolo}, N. and {Battaner}, E. and {Benabed}, K. and {Benoit-Levy}, A. and 
	{Bernard}, J.-P. and {Bersanelli}, M. and {Bielewicz}, P. and 
	{Bonaldi}, A. and {Bonavera}, L. and {Bond}, J.~R. and {Borrill}, J. and 
	{Bouchet}, F.~R. and {Boulanger}, F. and {Burigana}, C. and 
	{Butler}, R.~C. and {Calabrese}, E. and {Cardoso}, J.-F. and 
	{Catalano}, A. and {Chamballu}, A. and {Chiang}, H.~C. and {Christensen}, P.~R. and 
	{Clements}, D.~L. and {Colombi}, S. and {Colombo}, L.~P.~L. and 
	{Couchot}, F. and {Crill}, B.~P. and {Curto}, A. and {Cuttaia}, F. and 
	{Danese}, L. and {Davies}, R.~D. and {Davis}, R.~J. and {de Bernardis}, P. and 
	{de Rosa}, A. and {de Zotti}, G. and {Delabrouille}, J. and 
	{Dickinson}, C. and {Diego}, J.~M. and {Dole}, H. and {Donzelli}, S. and 
	{Dore}, O. and {Douspis}, M. and {Draine}, B.~T. and {Ducout}, A. and 
	{Dupac}, X. and {Efstathiou}, G. and {Elsner}, F. and {Ensslin}, T.~A. and 
	{Eriksen}, H.~K. and {Falgarone}, E. and {Finelli}, F. and {Forni}, O. and 
	{Frailis}, M. and {Fraisse}, A.~A. and {Franceschi}, E. and 
	{Frejsel}, A. and {Galeotta}, S. and {Galli}, S. and {Ganga}, K. and 
	{Ghosh}, T. and {Giard}, M. and {Gjerlow}, E. and {Gonzalez-Nuevo}, J. and 
	{Gorski}, K.~M. and {Gregorio}, A. and {Gruppuso}, A. and {Guillet}, V. and 
	{Hansen}, F.~K. and {Hanson}, D. and {Harrison}, D.~L. and {Henrot-Versille}, S. and 
	{Hernandez-Monteagudo}, C. and {Herranz}, D. and {Hildebrandt}, S.~R. and 
	{Hivon}, E. and {Holmes}, W.~A. and {Hovest}, W. and {Huffenberger}, K.~M. and 
	{Hurier}, G. and {Jaffe}, A.~H. and {Jaffe}, T.~R. and {Jones}, W.~C. and 
	{Keihanen}, E. and {Keskitalo}, R. and {Kisner}, T.~S. and {Kneissl}, R. and 
	{Knoche}, J. and {Kunz}, M. and {Kurki-Suonio}, H. and {Lagache}, G. and 
	{Lamarre}, J.-M. and {Lasenby}, A. and {Lattanzi}, M. and {Lawrence}, C.~R. and 
	{Leonardi}, R. and {Levrier}, F. and {Liguori}, M. and {Lilje}, P.~B. and 
	{Linden-Vornle}, M. and {Lopez-Caniego}, M. and {Lubin}, P.~M. and 
	{Macias-Perez}, J.~F. and {Maffei}, B. and {Maino}, D. and {Mandolesi}, N. and 
	{Maris}, M. and {Marshall}, D.~J. and {Martin}, P.~G. and {Martinez-Gonzalez}, E. and 
	{Masi}, S. and {Matarrese}, S. and {Mazzotta}, P. and {Melchiorri}, A. and 
	{Mendes}, L. and {Mennella}, A. and {Migliaccio}, M. and {Miville-Deschenes}, M.-A. and 
	{Moneti}, A. and {Montier}, L. and {Morgante}, G. and {Mortlock}, D. and 
	{Munshi}, D. and {Murphy}, J.~A. and {Naselsky}, P. and {Natoli}, P. and 
	{Norgaard-Nielsen}, H.~U. and {Novikov}, D. and {Novikov}, I. and 
	{Oxborrow}, C.~A. and {Pagano}, L. and {Pajot}, F. and {Paladini}, R. and 
	{Paoletti}, D. and {Pasian}, F. and {Perdereau}, O. and {Perotto}, L. and 
	{Perrotta}, F. and {Pettorino}, V. and {Piacentini}, F. and 
	{Piat}, M. and {Plaszczynski}, S. and {Pointecouteau}, E. and 
	{Polenta}, G. and {Ponthieu}, N. and {Popa}, L. and {Pratt}, G.~W. and 
	{Prunet}, S. and {Puget}, J.-L. and {Rachen}, J.~P. and {Reach}, W.~T. and 
	{Rebolo}, R. and {Reinecke}, M. and {Remazeilles}, M. and {Renault}, C. and 
	{Ristorcelli}, I. and {Rocha}, G. and {Roudier}, G. and {Rubio-Martin}, J.~A. and 
	{Rusholme}, B. and {Sandri}, M. and {Santos}, D. and {Scott}, D. and 
	{Spencer}, L.~D. and {Stolyarov}, V. and {Sudiwala}, R. and 
	{Sunyaev}, R. and {Sutton}, D. and {Suur-Uski}, A.-S. and {Sygnet}, J.-F. and 
	{Tauber}, J.~A. and {Terenzi}, L. and {Toffolatti}, L. and {Tomasi}, M. and 
	{Tristram}, M. and {Tucci}, M. and {Umana}, G. and {Valenziano}, L. and 
	{Valiviita}, J. and {Van Tent}, B. and {Vielva}, P. and {Villa}, F. and 
	{Wade}, L.~A. and {Wandelt}, B.~D. and {Wehus}, I.~K. and {Ysard}, N. and 
	{Yvon}, D. and {Zacchei}, A. and {Zonca}, A.},
    title = "{Planck intermediate results. XXIX. All-sky dust modelling with Planck, IRAS, and WISE observations}",
  journal = {ArXiv e-prints},
archivePrefix = "arXiv",
   eprint = {1409.2495},
 keywords = {Astrophysics - Astrophysics of Galaxies},
     year = 2014,
    month = sep,
   adsurl = {http://adsabs.harvard.edu/abs/2014arXiv1409.2495P},
  adsnote = {Provided by the SAO/NASA Astrophysics Data System}
}

@ARTICLE{dl07,
   author = {{Draine}, B.~T. and {Li}, A.},
    title = "{Infrared Emission from Interstellar Dust. IV. The Silicate-Graphite-PAH Model in the Post-Spitzer Era}",
  journal = {\apj},
   eprint = {astro-ph/0608003},
 keywords = {ISM: Dust, Extinction, Infrared: Galaxies, Infrared: ISM, Radiation Mechanisms: Thermal},
     year = 2007,
    month = mar,
   volume = 657,
    pages = {810-837},
      doi = {10.1086/511055},
   adsurl = {http://adsabs.harvard.edu/abs/2007ApJ...657..810D},
  adsnote = {Provided by the SAO/NASA Astrophysics Data System}
}

